<?xml version="1.0" encoding="UTF-8"?>
<record xmlns="http://www.loc.gov/MARC21/slim" xmlns:xsi="http://www.w3.org/2001/XMLSchema-instance" xsi:schemaLocation="http://www.loc.gov/MARC21/slim http://www.loc.gov/standards/marcxml/schema/MARC21slim.xsd">
<leader>00000cam a22      a 4500</leader>
<controlfield tag="001">002070661</controlfield>
<controlfield tag="003">NNU</controlfield>
<controlfield tag="005">20140617110404.0</controlfield>
<controlfield tag="008">911007r19851892ir            000 0 arard</controlfield>
<datafield tag="035" ind1=" " ind2=" ">
<subfield code="a">(OCoLC)27745811</subfield>
</datafield>
<datafield tag="040" ind1=" " ind2=" ">
<subfield code="a">HLS</subfield>
<subfield code="b">eng</subfield>
<subfield code="c">HLS</subfield>
<subfield code="d">OCL</subfield>
<subfield code="d">OCLCQ</subfield>
</datafield>
<datafield tag="050" ind1=" " ind2="4">
<subfield code="a">PJ6161.T343</subfield>
<subfield code="b">I25 1985x</subfield>
</datafield>
<datafield tag="100" ind1="1" ind2=" ">
<subfield code="6">880-01</subfield>
<subfield code="a">Ibn al-Fannārī, Ḥasan Chalabī ibn Muḥammad Shāh,</subfield>
<subfield code="d">1436-1481.</subfield>
</datafield>
<datafield tag="245" ind1="1" ind2="0">
<subfield code="6">880-02</subfield>
<subfield code="a">Ḥāshiyat al-Muṭawwal /</subfield>
<subfield code="c">Ḥasan al-Chalabī.</subfield>
</datafield>
<datafield tag="260" ind1=" " ind2=" ">
<subfield code="6">880-03</subfield>
<subfield code="a">Qum :</subfield>
<subfield code="b">Manshūrāt al-Sharīf al-Raḍī,</subfield>
<subfield code="c">1406 [1985 or 1986]</subfield>
</datafield>
<datafield tag="300" ind1=" " ind2=" ">
<subfield code="a">586, 8 p. ;</subfield>
<subfield code="c">24 cm.</subfield>
</datafield>
<datafield tag="500" ind1=" " ind2=" ">
<subfield code="a">Originally published: [Istanbul] : Maṭbaʻat Sharikat al-Ṣiḥāfīyah al-ʻUthmānīyah, 1309 [1892].</subfield>
</datafield>
<datafield tag="650" ind1=" " ind2="0">
<subfield code="a">Arabic language</subfield>
<subfield code="x">Rhetoric</subfield>
<subfield code="v">Early works to 1800.</subfield>
</datafield>
<datafield tag="600" ind1="1" ind2="0">
<subfield code="a">Taftāzānī, Masʻūd ibn ʻUmar,</subfield>
<subfield code="d">1322-1389?</subfield>
<subfield code="t">Muṭawwal.</subfield>
</datafield>
<datafield tag="700" ind1="1" ind2="2">
<subfield code="a">Taftāzānī, Masʻūd ibn ʻUmar,</subfield>
<subfield code="d">1322-1389?</subfield>
<subfield code="t">Muṭawwal.</subfield>
</datafield>
<datafield tag="880" ind1="0" ind2=" ">
<subfield code="6">100-01/</subfield>
<subfield code="a">حسن الچلبى.</subfield>
</datafield>
<datafield tag="880" ind1="1" ind2="0">
<subfield code="6">245-02/</subfield>
<subfield code="a">حاشية المطول /</subfield>
<subfield code="c">تأليف حسن الچلبى.</subfield>
</datafield>
<datafield tag="880" ind1=" " ind2=" ">
<subfield code="6">260-03/</subfield>
<subfield code="a">قم :</subfield>
<subfield code="b">منشورات الشريف الرضي،</subfield>
<subfield code="c">١٤٠٦.</subfield>
</datafield>
<datafield tag="OWN" ind1=" " ind2=" ">
<subfield code="a">GENERAL</subfield>
</datafield>
<datafield tag="AVA" ind1=" " ind2=" ">
<subfield code="a">NYU50</subfield>
<subfield code="b">BOBST</subfield>
<subfield code="c">Main Collection</subfield>
<subfield code="d">PJ6161 .T3533 1985</subfield>
<subfield code="e">unavailable</subfield>
<subfield code="t">Unavailable</subfield>
<subfield code="f">1</subfield>
<subfield code="g">1</subfield>
<subfield code="h">N</subfield>
<subfield code="i">2</subfield>
<subfield code="j">MAIN</subfield>
</datafield>
</record>
